<collection xmlns="http://www.loc.gov/MARC21/slim">
<record>
  <leader>01232nam0a2200229 i 450 </leader>
  <controlfield tag="001">IT\ICCU\CNCE\000462</controlfield>
  <controlfield tag="005">20090911000000.0</controlfield>
  <datafield tag="012" ind1=" " ind2=" ">
    <subfield code="a">teue a.ia sese dema (C) 1588 (A)</subfield>
    <subfield code="2">fei</subfield>
  </datafield>
  <datafield tag="100" ind1=" " ind2=" ">
    <subfield code="a">19970101d1588        0itac0103    ba</subfield>
  </datafield>
  <datafield tag="101" ind1=" " ind2=" ">
    <subfield code="a">ITA</subfield>
  </datafield>
  <datafield tag="102" ind1=" " ind2=" ">
    <subfield code="a">IT</subfield>
  </datafield>
  <datafield tag="200" ind1="1" ind2=" ">
    <subfield code="a">Innamoramento de Tristano et de madonna Isotta. Parte prima \- terza!. Nel quale si tratta le mirabil prodezze di esso Tristano, e di tutti li Cauallieri della Tauolla Rottonda; Et etiam dell&apos;inuitissimo re Artus d&apos;Inghilterra et dello re Marco de Cornouaglia, et dello re Meliadus, de Leonis, et dello re Feramonte di Gaules, e dello re Languis d&apos;Irlanda</subfield>
  </datafield>
  <datafield tag="210" ind1=" " ind2=" ">
    <subfield code="e">In Venezia</subfield>
    <subfield code="g">appresso Ventura de Saluador</subfield>
    <subfield code="h">1588</subfield>
  </datafield>
  <datafield tag="215" ind1=" " ind2=" ">
    <subfield code="a">\112! c.</subfield>
    <subfield code="c">ill.</subfield>
    <subfield code="d">8ʻ</subfield>
  </datafield>
  <datafield tag="620" ind1=" " ind2=" ">
    <subfield code="a">IT</subfield>
    <subfield code="d">Venezia</subfield>
  </datafield>
  <datafield tag="700" ind1=" " ind2="1">
    <subfield code="a">Agostini,</subfield>
    <subfield code="b">Niccol ̣: degli</subfield>
    <subfield code="3">IT\ICCU\CNCA\000484</subfield>
  </datafield>
  <datafield tag="712" ind1="0" ind2="0">
    <subfield code="a">Salvador, Ventura</subfield>
    <subfield code="3">IT\ICCU\CNCT\000274</subfield>
    <subfield code="4">650</subfield>
  </datafield>
  <datafield tag="790" ind1=" " ind2="1">
    <subfield code="a">Degli_Agostini,</subfield>
    <subfield code="b"></subfield>
    <subfield code="3">IT\ICCU\CNCA\011203</subfield>
    <subfield code="z">Agostini, Niccol ̣: degli</subfield>
  </datafield>
  <datafield tag="790" ind1=" " ind2="0">
    <subfield code="a">Nicolo</subfield>
    <subfield code="c"> : delli#Agostini</subfield>
    <subfield code="3">IT\ICCU\CNCA\011859</subfield>
    <subfield code="z">Agostini, Niccol ̣: degli</subfield>
  </datafield>
  <datafield tag="801" ind1=" " ind2="3">
    <subfield code="a">IT</subfield>
    <subfield code="b">ICCU</subfield>
    <subfield code="c">20201113</subfield>
  </datafield>
  <datafield tag="899" ind1=" " ind2=" ">
    <subfield code="a">Biblioteca universitaria. Padova</subfield>
    <subfield code="1">PD0158</subfield>
    <subfield code="2">PUV 00</subfield>
  </datafield>
  <datafield tag="899" ind1=" " ind2=" ">
    <subfield code="a">Biblioteca dell&apos;Accademia nazionale dei Lincei e Corsiniana. Roma</subfield>
    <subfield code="1">RM0418</subfield>
    <subfield code="2">RML 10</subfield>
  </datafield>
</record>
</collection>
